@misc{note:colstatnote,
  author={Demleitner, M. and Mantelet, G.},
  editor = {Demleitner, M.},
  title = {Towards Blind Discovery 2: Advanced Column Statistics},
  version = {1.0},
  howpublished = {{IVOA} Note},
  month=apr,
  year=2021,
  url={{http://ivoa.net/documents/Notes/colstatnote/}}
}

